@book{stull1988introduction,
	title={An Introduction to Boundary Layer Meteorology},
	author={Stull, R.B.},
	.isbn={9789027727695},
	.lccn={88015564},
	.series={Atmospheric and Oceanographic Sciences Library},
	.url={https://books.google.cl/books?id=eRRz9RNvNOkC},
	year={1988},
	publisher={Springer Netherlands}
}

@book{pope2000turbulent,
	title={Turbulent Flows},
	author={Pope, S.B.},
	.isbn={9780521598866},
	.lccn={99044583},
	.url={https://books.google.cl/books?id=HZsTw9SMx-0C},
	year={2000},
	publisher={Cambridge University Press}
}

@book{holton1992introduction,
	title={An Introduction to Dynamic Meteorology},
	author={Holton, J.R.},
	.isbn={9780123543554},
	.lccn={91040568},
	.series={International geophysics series},
	.url={https://books.google.cl/books?id=hLQRAQAAIAAJ},
	year={1992},
	publisher={Academic Press}
}

@book{warner2010numerical,
	title={Numerical Weather and Climate Prediction},
	author={Warner, T.T.},
	.isbn={9781139494311},
	.url={https://books.google.cl/books?id=6RQ3dnjE8lgC},
	year={2010},
	publisher={Cambridge University Press}
}

@book{davidson2013turbulence,
	title={Turbulence in Rotating, Stratified and Electrically Conducting Fluids},
	author={Davidson, P.A.},
	.isbn={9781107026865},
	.lccn={2013370337},
	.url={https://books.google.cl/books?id=zaJtAAAAQBAJ},
	year={2013},
	publisher={Cambridge University Press}
}

